id;Descriptif Produit;Prix initial;Prix/quantité (euro/kg) baseline;Rayon;Lien fichier;Grammes;Empreinte CO2 (g par 100 g);kg CO2 / kg;Traffic light intra (green = vert. orange orange. red rouge);Traffic light inter;Prix final BM80 - calculé;Prix/quantité (euro/kg) BM80;BM 80 - arrondi;Prix final BM250 - calculé;Prix/quantité (euro/kg) BM250;BM 250 - arrondi
1;Champignons de Paris LOU;0.99;4.95 ;1;\Fichiers\Rayon1\1.JPG;200;480;4.8;green;red;;;;;;
2;Champignons blancs Bio CARREFOUR BIO;1.69;8.45 ;1;\Fichiers\Rayon1\2.JPG;200;481;4.81;green;red;;;;;;
3;Champignons blancs PETIT PRIX;0.99;3.96 ;1;\Fichiers\Rayon1\3.JPG;250;481;4.81;green;red;;;;;;
4;Potimarron agroécologie FILIERE QUALITE CARREFOUR;1.29;0.86;1;\Fichiers\Rayon1\4.JPG;1500;116;1.16;green;green;;;;;;
5;Potimarron CARREFOUR BIO;1.59;1.06;1;\Fichiers\Rayon1\5.JPG;1500;116;1.16;green;green;;;;;;
6;Carottes agroécologie FILIERE QUALITE CARREFOUR;0.89;0.89;1;\Fichiers\Rayon1\6.JPG;1000;146;1.46;green;orange;;;;;;
7;Carottes Bio CARREFOUR BIO;1.49;1.49;1;\Fichiers\Rayon1\7.JPG;1000;146;1.46;green;orange;;;;;;
8;Avocat Hass;1.29;5.16;1;\Fichiers\Rayon1\8.JPG;250;240;2.4;green;orange;;;;;;
9;Avocat Hass Bio;1.59;6.36;1;\Fichiers\Rayon1\9.JPG;250;240;2.4;green;orange;;;;;;
10;Avocats Bio Hass;1.99;3.98;1;\Fichiers\Rayon1\10.JPG;500;240;2.4;green;orange;;;;;;
11;Avocats mûrs à point Hass;3.5;7;1;\Fichiers\Rayon1\11.JPG;500;240;2.4;green;orange;;;;;;
12;Concombre Bio CARREFOUR BIO;1.19;3.97;1;\Fichiers\Rayon1\12.JPG;300;136.67;1.3667;green;green;;;;;;
13;Concombre;0.45;1.5;1;\Fichiers\Rayon1\13.JPG;300;136.67;1.3667;green;green;;;;;;
14;Betteraves rouges cuites Bio CARREFOUR BIO;0.99;1.98 ;1;\Fichiers\Rayon1\14.JPG;500;23.07;0.2307;green;green;;;;;;
15;Betterave agroécologie FILIERE QUALITE CARREFOUR;1.99;1.33 ;1;\Fichiers\Rayon1\15.JPG;500;23.07;0.2307;green;green;;;;;;
16;Pommes de terre de consommation Excellency PETIT PRIX;0.99;0.66 ;1;\Fichiers\Rayon1\16.JPG;1500;116;1.16;green;green;;;;;;
17;Pommes de terre de consommation Marilyn Bio CARREFOUR BIO;2.29;1.53 ;1;\Fichiers\Rayon1\17.JPG;1500;116;1.16;green;green;;;;;;
18;Pommes de terre ratte du touquet REFLETS DE FRANCE;2.29;2.29;1;\Fichiers\Rayon1\18.JPG;1000;116;1.16;green;green;;;;;;
19;Poivron vert;6.49;3.25;1;\Fichiers\Rayon1\19.JPG;2000;202;2.02;green;orange;;;;;;
20;Poivron rouge;6.49;3.25;1;\Fichiers\Rayon1\20.JPG;2000;202;2.02;green;orange;;;;;;
21;Ail 3 têtes Lautrec REFLETS DE FRANCE;3.69;14.76;1;\Fichiers\Rayon1\21.JPG;250;95;0.95;green;green;;;;;;
22;Ail violet Cadours CARREFOUR;2.99;14.24 ;1;\Fichiers\Rayon1\22.JPG;210;95;0.95;green;green;;;;;;
23;Oignons jaunes Bio CARREFOUR BIO;1.69;1.69;1;\Fichiers\Rayon1\23.JPG;1000;60.7;0.607;green;green;;;;;;
24;Oignons jaunes;1.49;1.49;1;\Fichiers\Rayon1\24.JPG;1000;60.7;0.607;green;green;;;;;;
25;Echalotes Bio 1/2 longues traditionnelles CARREFOUR BIO;0.99;3.96 ;1;\Fichiers\Rayon1\25.JPG;250;105;1.05;green;green;;;;;;
26;Echalotes longues traditionnelles REFLETS DE FRANCE;1.19;4.76 ;1;\Fichiers\Rayon1\26.JPG;250;105;1.05;green;green;;;;;;
27;Poireaux Bio CARREFOUR BIO;2.49;3.32 ;1;\Fichiers\Rayon1\27.JPG;750;105;1.05;green;green;;;;;;
28;Poireaux vrac;0.99;0.99;1;\Fichiers\Rayon1\28.JPG;1000;105;1.05;green;green;;;;;;
29;Tomates rondes en grappe vrac;1.49;1.49;1;\Fichiers\Rayon1\29.JPG;1000;140;1.4;green;orange;;;;;;
30;Tomates rondes en grappe Bio CARREFOUR;1.99;3.32 ;1;\Fichiers\Rayon1\30.JPG;600;140;1.4;green;orange;;;;;;
31;Salade Roquette;0.99;7.92 ;1;\Fichiers\Rayon1\31.JPG;125;54;0.54;green;green;;;;;;
32;Salade Feuille de chêne blonde;0.69;2.76;1;\Fichiers\Rayon1\32.JPG;250;50;0.5;green;green;;;;;;
33;Salade Feuille de chêne rouge;0.75;3;1;\Fichiers\Rayon1\33.JPG;250;50;0.5;green;green;;;;;;
34;Salade Laitue verte;0.99;3.96;1;\Fichiers\Rayon1\34.JPG;250;50;0.5;green;green;;;;;;
35;Courge butternut CARREFOUR BIO;1.59;1.06;1;\Fichiers\Rayon1\35.JPG;1500;31;0.31;green;green;;;;;;
36;Courge butternut  ;1.29;0.86;1;\Fichiers\Rayon1\36.JPG;1500;31;0.31;green;green;;;;;;
37;Aubergine Bio;1.19;5.95;1;\Fichiers\Rayon1\37.JPG;200;51;0.51;green;green;;;;;;
38;Aubergines Bio;2;5;1;\Fichiers\Rayon1\38.JPG;400;51;0.51;green;green;;;;;;
39;Courgette Bio CARREFOUR;1.29;2.58 ;1;\Fichiers\Rayon1\39.JPG;500;220;2.2;green;orange;;;;;;
40;Courgettes vrac;1.49;1.49;1;\Fichiers\Rayon1\40.JPG;1000;220;2.2;green;orange;;;;;;
41;Pommes Golden Bio;2.29 ;2.6;1;\Fichiers\Rayon1\41.JPG;150;104;1.04;green;green;;;;;;
42;Pommes Golden delicious;1.89;0.94 ;1;\Fichiers\Rayon1\42.JPG;2000;104;1.04;green;green;;;;;;
43;Bananes Cavendish;0.99;0.24;1;\Fichiers\Rayon1\43.JPG;720;324;3.24;green;orange;;;;;;
44;Bananes Bio Cavendish;1.99;0.67;1;\Fichiers\Rayon1\44.JPG;600;324;3.24;green;orange;;;;;;
45;Kiwi Hayward;0.59;5.9;1;\Fichiers\Rayon1\45.JPG;100;62;0.62;green;green;;;;;;
46;Kiwi Hayward Bio CARREFOUR BIO;2.69;0.75;1;\Fichiers\Rayon1\46.JPG;600;62;0.62;green;green;;;;;;
47;Melon charentais jaune REFLETS DE FRANCE;1.49;1.87;1;\Fichiers\Rayon1\47.JPG;800;52.13;0.5213;green;green;;;;;;
48;Melon charentais jaune Bio CARREFOUR BIO;2.19;2.74;1;\Fichiers\Rayon1\48.JPG;800;52.13;0.5213;green;green;;;;;;
49;Pastèque Bio;2.69;0.67;1;\Fichiers\Rayon1\49.JPG;4000;14;0.14;green;green;;;;;;
50;Clémentines vrac;2.99;2.99;1;\Fichiers\Rayon1\50.JPG;1000;60;0.6;green;green;;;;;;
51;Steak haché 15% MG CHARAL;3;11.54  ;2;\Fichiers\Rayon2\1.JPG;260;2100;21;green;red;;;;;;
52;Steaks hachés 5% MG;3.41;17.05;2;\Fichiers\Rayon2\2.JPG;200;2100;21;green;red;;;;;;
53;Viande Bovine: Pavé de Rumsteck à griller SOCOPA L'ABSOLU;4.5;18.75;2;\Fichiers\Rayon2\3.JPG;240;2100;21;green;red;;;;;;
54;Viande bovine: faux filet*** à griller CARREFOUR BIO;4.99;24.95;2;\Fichiers\Rayon2\4.JPG;200;2100;21;green;red;;;;;;
55;Faux-filet à griller CHARAL;7.16;19.89;2;\Fichiers\Rayon2\5.JPG;360;2100;21;green;red;;;;;;
56;Boulettes Happy Family CHARAL;3;11.11;2;\Fichiers\Rayon2\6.JPG;270;2100;21;green;red;;;;;;
57;Viande de bœuf: boulettes natures CARREFOUR LE MARCHE;3.3;8.8;2;\Fichiers\Rayon2\7.JPG;375;2100;21;green;red;;;;;;
58;Viande préparé boulettes à la Napolitaine CHARAL;4;13.33;2;\Fichiers\Rayon2\8.JPG;300;2100;21;green;red;;;;;;
59;Boulettes poulet tomate emmental PERE DODU;4.55;12.64;2;\Fichiers\Rayon2\9.JPG;360;2100;21;green;red;;;;;;
60;Boulettes au bœuf natures CARREFOUR LE MARCHE;5.49;7.32;2;\Fichiers\Rayon2\10.JPG;750;2100;21;green;red;;;;;;
61;Filet de lieu noir MSC CARREFOUR;4.79;7.98;2;\Fichiers\Rayon2\11.JPG;500;500;5;green;red;;;;;;
62;Poisson filet de lieu noir;6.5;13;2;\Fichiers\Rayon2\12.JPG;500;500;5;green;red;;;;;;
63;Dos de cabillaud Skrei;29.7;99;2;\Fichiers\Rayon2\13.JPG;300;500;5;green;red;;;;;;
64;"Filets de Cabillaud façon Fish & Chips CARREFOUR";4;18.18 ;2;\Fichiers\Rayon2\14.JPG;220;500;5;green;red;;;;;;
65;Pavés de saumon CARREFOUR BIO;7.9;31.6;2;\Fichiers\Rayon2\15.JPG;250;500;5;green;red;;;;;;
66;Filets de saumon sauvage salé DELPIERRE;6.9;28.75;2;\Fichiers\Rayon2\16.JPG;240;300;3;green;orange;;;;;;
67;Pavés de saumon avec peau s/arêtes FILIERE QUALITE CARREFOUR;9.99;17.84;2;\Fichiers\Rayon2\17.JPG;560;500;5;green;red;;;;;;
68;Saumon fumé Norvège CARREFOUR;5.29;37.79;2;\Fichiers\Rayon2\18.JPG;140;500;5;green;red;;;;;;
69;Saumon fumé bio CARREFOUR BIO;5.87;41.93;2;\Fichiers\Rayon2\19.JPG;140;500;5;green;red;;;;;;
70;Saumon fumé de Norvège LABEYRIE;6.15;43.93;2;\Fichiers\Rayon2\20.JPG;140;500;5;green;red;;;;;;
71;Nuggets de poulet;5.1;6.38;2;\Fichiers\Rayon2\21.JPG;800;600;6;green;red;;;;;;
72;Nuggets de poulet MAITRE COQ;5.65;5.65;2;\Fichiers\Rayon2\22.JPG;1000;600;6;green;red;;;;;;
73;Allumettes de poulet FLEURY MICHON;1.42;9.47;2;\Fichiers\Rayon2\23.JPG;150;600;6;green;red;;;;;;
74;Emincés d'aiguillettes de poulet rôti CARREFOUR;1.95;13;2;\Fichiers\Rayon2\24.JPG;150;600;6;green;red;;;;;;
75;Émincés de poulet rôti FLEURY MICHON;2.39;15.93;2;\Fichiers\Rayon2\25.JPG;150;600;6;green;red;;;;;;
76;Poulet fermier jaune Label rouge REFLETS DE FRANCE;10.72;7.15;2;\Fichiers\Rayon2\26.JPG;1500;600;6;green;red;;;;;;
77;Poulet jaune d'Auvergne Label Rouge FILIERE QUALITE CARREFOUR;9.1;6.5;2;\Fichiers\Rayon2\27.JPG;1400;600;6;green;red;;;;;;
78;Cuisses de poulet Bio jaune fermier CARREFOUR BIO;4.47;8.94;2;\Fichiers\Rayon2\28.JPG;500;600;6;green;red;;;;;;
79;Pilons de poulet;3.2;3.2;2;\Fichiers\Rayon2\29.JPG;1000;600;6;green;red;;;;;;
80;Filets de poulet CARREFOUR;8.45;8.45;2;\Fichiers\Rayon2\30.JPG;1000;600;6;green;red;;;;;;
81;Filet de poulet jaune Loué Fermier;4.11;17.13;2;\Fichiers\Rayon2\31.JPG;240;600;6;green;red;;;;;;
82;Filets de poulet fermier blanc Bio CARREFOUR BIO;6.86;22.87;2;\Fichiers\Rayon2\32.JPG;300;600;6;green;red;;;;;;
83;Escalopes de dinde extra fine LE GAULOIS;5.7;15.83;2;\Fichiers\Rayon2\33.JPG;360;600;6;green;red;;;;;;
84;Escalopes de dinde extra fines CARREFOUR;4.55;12.64;2;\Fichiers\Rayon2\34.JPG;360;600;6;green;red;;;;;;
85;Viande de Porc: Côtes échine Label Rouge à griller CARREFOUR;3.37;9.63 ;2;\Fichiers\Rayon2\35.JPG;350;700;7;green;red;;;;;;
86;Côtes de porc échines Bio CARREFOUR BIO;2.97;9.90 ;2;\Fichiers\Rayon2\36.JPG;300;700;7;green;red;;;;;;
87;Viande de Porc: Côtes échine à griller Label Rouge CARREFOUR SELECTION;7.81;9.19 ;2;\Fichiers\Rayon2\37.JPG;850;700;7;green;red;;;;;;
88;Chipolatas supérieures CARREFOUR;4.49;6.8;2;\Fichiers\Rayon2\38.JPG;660;700;7;green;red;;;;;;
89;Chipolatas porc CARREFOUR BIO;3.5;11.67;2;\Fichiers\Rayon2\39.JPG;300;700;7;green;red;;;;;;
90;Chipolatas supérieures Label Rouge BIGARD;3.5;10.61;2;\Fichiers\Rayon2\40.JPG;330;700;7;green;red;;;;;;
91;Fromage Râpé Emmental PRESIDENT;1.63;8.15 ;3;\Fichiers\Rayon3\1.JPG;200;1255;12.55;green;red;;;;;;
92;Fromage Râpé Emmental Fondant CARREFOUR CLASSIC';1.39;6.95 ;3;\Fichiers\Rayon3\2.JPG;200;1255;12.55;green;red;;;;;;
93;Fromage Bio Râpé Emmental Au Lait Pasteurisé CARREFOUR BIO;2.2;11.00 ;3;\Fichiers\Rayon3\3.JPG;200;1255;12.55;green;red;;;;;;
94;Fromage CARREFOUR CLASSIC';2.67;8.90 ;3;\Fichiers\Rayon3\4.JPG;300;1255;12.55;green;red;;;;;;
95;Fromage Râpé Emmental ENTREMONT;1.91;9.10 ;3;\Fichiers\Rayon3\5.JPG;210;1255;12.55;green;red;;;;;;
96;Fromage en Tranches CHAUSSEE AUX MOINES;2.27;15.13 ;3;\Fichiers\Rayon3\6.JPG;150;1255;12.55;green;red;;;;;;
97;Fromage Bio en Tranches Emmental Au Lait Cru CARREFOUR BIO;2.98;14.90 ;3;\Fichiers\Rayon3\7.JPG;200;1255;12.55;green;red;;;;;;
98;Fromage en Tranches Emmental CARREFOUR;1.49;7.45 ;3;\Fichiers\Rayon3\8.JPG;200;1255;12.55;green;red;;;;;;
99;Fromage en Tranches L'Original LEERDAMMER;1.89;9.45 ;3;\Fichiers\Rayon3\9.JPG;200;1255;12.55;green;red;;;;;;
100;Fromage à Tartiner Ail Et Fines Herbes BOURSIN;2.6;10.40 ;3;\Fichiers\Rayon3\10.JPG;250;1255;12.55;green;red;;;;;;
101;Fromage à Tartiner Ail Et Fines Herbes CARREFOUR;1.91;7.64 ;3;\Fichiers\Rayon3\11.JPG;250;1255;12.55;green;red;;;;;;
102;Fromage Bio à Tartiner Ail Et Fines Herbes SOJABIO;2.75;22.00 ;3;\Fichiers\Rayon3\12.JPG;125;1255;12.55;green;red;;;;;;
103;Fromage à Tartiner Nature Au Sel de Guérande LES RECETTES DE MADAME LOIC;2.83;8.84 ;3;\Fichiers\Rayon3\13.JPG;320;1255;12.55;green;red;;;;;;
104;Fromage à Tartiner Nature CARREFOUR;1.72;5.73 ;3;\Fichiers\Rayon3\14.JPG;300;1255;12.55;green;red;;;;;;
105;Mozzarella CASA AZZURRA;0.9;7.20 ;3;\Fichiers\Rayon3\15.JPG;125;1255;12.55;green;red;;;;;;
106;Mozzarella CARREFOUR CLASSIC';0.75;6.00 ;3;\Fichiers\Rayon3\16.JPG;125;1255;12.55;green;red;;;;;;
107;Fromage de Chèvre Sainte Maure CARREFOUR;1.53;8.50  ;3;\Fichiers\Rayon3\17.JPG;180;1255;12.55;green;red;;;;;;
108;Fromage de Chèvre PRESIDENT;1.8;10.00 ;3;\Fichiers\Rayon3\18.JPG;180;1255;12.55;green;red;;;;;;
109;Fromage de Chèvre Bio CARREFOUR BIO;2.08;13.87 ;3;\Fichiers\Rayon3\19.JPG;150;1255;12.55;green;red;;;;;;
110;Œufs de Plein Air L'OEUF DE PROVENCE;2.99;0.39;3;\Fichiers\Rayon3\20.JPG;636;261;2.61;green;orange;;;;;;
111;Œufs Bio de Plein Air;4.60 ;0.61;3;\Fichiers\Rayon3\21.JPG;636;261;2.61;green;orange;;;;;;
112;Œufs plein air CARREFOUR ORIGINAL;2.75;0.36;3;\Fichiers\Rayon3\22.JPG;636;261;2.61;green;orange;;;;;;
113;Œufs Sans-Antibiotique LUSTUCRU;3.99;0.19;3;\Fichiers\Rayon3\23.JPG;1060;261;2.61;green;orange;;;;;;
114;Œufs frais poules élevées au sol CARREFOUR CLASSIC';3.35;0.16;3;\Fichiers\Rayon3\24.JPG;1060;261;2.61;green;orange;;;;;;
115;Œufs datés du jour de ponte AVIBRESSE;4.5;0.21;3;\Fichiers\Rayon3\25.JPG;1060;261;2.61;green;orange;;;;;;
116;Œufs de poules élevées au sol CARREFOUR CLASSIC';1.15;0.60;3;\Fichiers\Rayon3\26.JPG;318;261;2.61;green;orange;;;;;;
117;Œufs Bio de Plein Air Calibre Moyen CARREFOUR BIO;1.88;0.97;3;\Fichiers\Rayon3\27.JPG;318;261;2.61;green;orange;;;;;;
118;Œufs Bio de Plein Air REFLETS DE FRANCE;2.03;1.07;3;\Fichiers\Rayon3\28.JPG;318;261;2.61;green;orange;;;;;;
119;Yaourt aux fruits PANIER DE YOPLAIT;3.79;1.82 ;3;\Fichiers\Rayon3\29.JPG;130;180;1.8;green;orange;;;;;;
120;Yaourt fruits mixés brassé CARREFOUR CLASSIC';2.49;1.24 ;3;\Fichiers\Rayon3\30.JPG;125;180;1.8;green;orange;;;;;;
121;Yaourt aux fruits DANONE RECETTE CREMEUSE;3.79;1.90 ;3;\Fichiers\Rayon3\31.JPG;125;180;1.8;green;orange;;;;;;
122;Yaourts bio myrtilles CARREFOUR BIO;1.42;2.84 ;3;\Fichiers\Rayon3\32.JPG;125;180;1.8;green;orange;;;;;;
123;Yaourt myrtille brassé Bio LES 2 VACHES;1.65;3.59  ;3;\Fichiers\Rayon3\33.JPG;115;180;1.8;green;orange;;;;;;
124;Crème Fraiche Bio Epaisse 30% Mat.Gr. CARREFOUR BIO;1.91;3.82 ;3;\Fichiers\Rayon3\34.JPG;490;456;4.56;green;orange;;;;;;
125;Crème Epaisse 15% Mat.Gr. Bridelice;1.59;3.18  ;3;\Fichiers\Rayon3\35.JPG;490;297;2.97;green;orange;;;;;;
126;Crème fraîche épaisse entière CARREFOUR CLASSIC';1.41;2.82  ;3;\Fichiers\Rayon3\36.JPG;490;456;4.56;green;orange;;;;;;
127;Crème Spécialité Laitière 4% Mat.Gr. CARREFOUR;1.11;2.22  ;3;\Fichiers\Rayon3\37.JPG;490;297;2.97;green;orange;;;;;;
128;Crème légère semi-épaisse 18% MG CARREFOUR CLASSIC';1.85;3.08  ;3;\Fichiers\Rayon3\38.JPG;588;297;2.97;green;orange;;;;;;
129;Crème Semi-épaisse Légère de Normandie 18% Mat.Gr. ELLE & VIRE;2.82;4.70  ;3;\Fichiers\Rayon3\39.JPG;588;297;2.97;green;orange;;;;;;
130;Crème Entière Semi-épaisse de Normandie ELLE & VIRE;3.51;5.85  ;3;\Fichiers\Rayon3\40.JPG;588;456;4.56;green;orange;;;;;;
131;Crème entière semi-épaisse 30% MG CARREFOUR CLASSIC';2.78;4.63  ;3;\Fichiers\Rayon3\41.JPG;588;456;4.56;green;orange;;;;;;
132;Crème Entière Fluide de Normandie ELLE & VIRE;2.51;5.02  ;3;\Fichiers\Rayon3\42.JPG;490;456;4.56;green;orange;;;;;;
133;Crème Entière Fluide 30% Mat.Gr. CARREFOUR;2.19;4.38  ;3;\Fichiers\Rayon3\43.JPG;490;456;4.56;green;orange;;;;;;
134;Crème fluide légère 12% MG CARREFOUR CLASSIC';1.9;3.80  ;3;\Fichiers\Rayon3\44.JPG;490;297;2.97;green;orange;;;;;;
135;Crème Fluide Légère 12% Mat.Gr. BRIDELICE;2.23;4.46  ;3;\Fichiers\Rayon3\45.JPG;490;297;2.97;green;orange;;;;;;
136;Crème Fluide Bio Légère ELLE & VIRE;2.99;5.98  ;3;\Fichiers\Rayon3\46.JPG;490;297;2.97;green;orange;;;;;;
137;Crème Entière Fluide Bio ELLE & VIRE;3.79;7.58  ;3;\Fichiers\Rayon3\47.JPG;490;456;4.56;green;orange;;;;;;
138;Beurre demi-sel CARREFOUR CLASSIC';1.79;7.16 ;3;\Fichiers\Rayon3\48.JPG;250;949;9.49;green;red;;;;;;
139;Beurre gastronomique doux CARREFOUR CLASSIC';1.79;7.16 ;3;\Fichiers\Rayon3\49.JPG;250;949;9.49;green;red;;;;;;
140;Beurre Demi-sel Aux Cristaux de Sel de Mer de Noirmoutier GRAND FERMAGE;2.19;8.76 ;3;\Fichiers\Rayon3\50.JPG;250;949;9.49;green;red;;;;;;
141;Beurre Doux 60% Mat. Gr. ELLE & VIRE;1.65;6.60;3;\Fichiers\Rayon3\51.JPG;250;949;9.49;green;red;;;;;;
142;Lait Demi-Ecreme Stérilisé UHT Calcium du Nord de la France CARREFOUR;4.8;0.80  ;3;\Fichiers\Rayon3\52.JPG;6180;141;1.41;green;orange;;;;;;
143;Lait Demi-Ecreme Bio Stérilisé UHT CARREFOUR BIO;5.52;0.92  ;3;\Fichiers\Rayon3\53.JPG;6180;141;1.41;green;orange;;;;;;
144;Lait Demi-Ecreme CANDIA;5.04;0.84  ;3;\Fichiers\Rayon3\54.JPG;6180;141;1.41;green;orange;;;;;;
145;Lait Bio Sans Lactose LACTEL;10.86;1.81  ;3;\Fichiers\Rayon3\55.JPG;6180;141;1.41;green;orange;;;;;;
146;Lait Entier Bio UHT Sans Lactose MATIN LEGER;2.16;2.16  ;3;\Fichiers\Rayon3\56.JPG;1030;141;1.41;green;orange;;;;;;
147;Lait entier CARREFOUR BIO;1.02;1.02  ;3;\Fichiers\Rayon3\57.JPG;1030;141;1.41;green;orange;;;;;;
148;Lait Entier CANDIA;1.24;1.24  ;3;\Fichiers\Rayon3\58.JPG;1030;141;1.41;green;orange;;;;;;
149;Lait entier CARREFOUR EXTRA;1.02;1.02  ;3;\Fichiers\Rayon3\59.JPG;1030;141;1.41;green;orange;;;;;;
150;Boisson lactée au chocolat CANDIA;2.27;1.89  ;3;\Fichiers\Rayon3\60.JPG;1200;110;1.1;green;green;;;;;;
151;Boisson lactée au chocolat CARREFOUR;1.89;1.58  ;3;\Fichiers\Rayon3\61.JPG;1200;110;1.1;green;green;;;;;;
152;Crème dessert expresso DANETTE;1.39;2.78 ;3;\Fichiers\Rayon3\62.JPG;500;281;2.81;green;orange;;;;;;
153;Crèmes dessert café CARREFOUR;0.91;1.82 ;3;\Fichiers\Rayon3\63.JPG;500;281;2.81;green;orange;;;;;;
154;Crème dessert vanille Bio CARREFOUR BIO;1.09;2.87 ;3;\Fichiers\Rayon3\64.JPG;380;281;2.81;green;orange;;;;;;
155;Crèmes dessert saveur vanille CARREFOUR CLASSIC';0.65;1.30 ;3;\Fichiers\Rayon3\65.JPG;500;281;2.81;green;orange;;;;;;
156;Crème dessert vanille DANETTE;1.29;2.58 ;3;\Fichiers\Rayon3\66.JPG;500;281;2.81;green;orange;;;;;;
157;Crème dessert chocolat LA LAITIERE;1.71;4.28 ;3;\Fichiers\Rayon3\67.JPG;400;281;2.81;green;orange;;;;;;
158;Crèmes dessert chocolat CARREFOUR ORIGINAL;1.3;3.25 ;3;\Fichiers\Rayon3\68.JPG;400;281;2.81;green;orange;;;;;;
159;Crème caramel BONNE MAMAN;1.8;4.50 ;3;\Fichiers\Rayon3\69.JPG;400;281;2.81;green;orange;;;;;;
160;Desserts crème caramel CARREFOUR ORIGINAL;1.44;3.60 ;3;\Fichiers\Rayon3\70.JPG;400;281;2.81;green;orange;;;;;;
161;Desserts Liégeois vanille caramel CARREFOUR CLASSIC';0.79;1.98 ;3;\Fichiers\Rayon3\71.JPG;400;281;2.81;green;orange;;;;;;
162;Crème liégeoise vanille caramel VIENNOIS;1.31;3.28 ;3;\Fichiers\Rayon3\72.JPG;400;281;2.81;green;orange;;;;;;
163;Crème liégeoise chocolat Bio CARREFOUR BIO;1.55;3.88 ;3;\Fichiers\Rayon3\73.JPG;400;281;2.81;green;orange;;;;;;
164;Dessert Liégeois chocolat CARREFOUR CLASSIC';0.79;1.98  ;3;\Fichiers\Rayon3\74.JPG;400;281;2.81;green;orange;;;;;;
165;Crème liégeoise chocolat VIENNOIS;1.12;2.80 ;3;\Fichiers\Rayon3\75.JPG;400;281;2.81;green;orange;;;;;;
166;Yaourt à boire fraise YOP;1.69;2.05 ;3;\Fichiers\Rayon3\76.JPG;825;288;2.88;green;orange;;;;;;
167;Yaourt à boire saveur fraise CARREFOUR;1.28;1.55 ;3;\Fichiers\Rayon3\77.JPG;825;288;2.88;green;orange;;;;;;
168;Fromage blanc nature CALIN;2.04;2.04;3;\Fichiers\Rayon3\78.JPG;1000;288;2.88;green;orange;;;;;;
169;Fromage blanc nature 3% MG CARREFOUR CLASSIC';1.55;1.55;3;\Fichiers\Rayon3\79.JPG;1000;192;1.92;green;orange;;;;;;
170;Fromage frais nature Bio CARREFOUR BIO;1.69;3.38 ;3;\Fichiers\Rayon3\80.JPG;500;192;1.92;green;orange;;;;;;
171;Jambon supérieur Tradilège Avec couenne;1.99;12.44;4;\Fichiers\Rayon4\1.JPG;160;645;6.45;green;red;;;;;;
172;Jambon Le Bon Paris Herta A l'étouffé - Conservation sans nitrite;3.47;16.52;4;\Fichiers\Rayon4\2.JPG;210;645;6.45;green;red;;;;;;
173;Jambon Le Supérieur cuit à l'étouffée CARREFOUR EXTRA;2.19;13.69;4;\Fichiers\Rayon4\3.JPG;160;645;6.45;green;red;;;;;;
174;Jambon Le Paris cuit à l'étouffée CARREFOUR CLASSIC';3.27;10.22;4;\Fichiers\Rayon4\4.JPG;320;645;6.45;green;red;;;;;;
175;Jambon Bio conservation sans nitrite FLEURY MICHON;5.29;44.08;4;\Fichiers\Rayon4\5.JPG;120;645;6.45;green;red;;;;;;
176;Jambon cuit supérieur CARREFOUR BIO;4.9;27.22;4;\Fichiers\Rayon4\6.JPG;180;645;6.45;green;red;;;;;;
177;Rôti de porc cuit réduit en sel FLEURY MICHON;3.09;19.31;4;\Fichiers\Rayon4\7.JPG;160;583;5.83;green;red;;;;;;
178;Rôti de porc cuit réduit en sel FLEURY MICHON;3.7;17.62;4;\Fichiers\Rayon4\8.JPG;210;583;5.83;green;red;;;;;;
179;Rôti de porc qualité supérieure CARREFOUR;2.27;12.61;4;\Fichiers\Rayon4\9.JPG;180;583;5.83;green;red;;;;;;
180;Rôti de porc qualité supérieure CARREFOUR EXTRA;2.03;12.69;4;\Fichiers\Rayon4\10.JPG;160;583;5.83;green;red;;;;;;
181;Rôti de porc bio cuit CARREFOUR BIO;2.3;28.75;4;\Fichiers\Rayon4\11.JPG;80;583;5.83;green;red;;;;;;
182;Rôti de porc cuit Label Rouge FLEURY MICHON;2.86;17.88;4;\Fichiers\Rayon4\12.JPG;160;583;5.83;green;red;;;;;;
183;Chiffonnades Jambon cru  AOSTEOSTE;2.89;36.12;4;\Fichiers\Rayon4\13.JPG;80;645;6.45;green;red;;;;;;
184;Jambon de Bayonne IGP CARREFOUR;2.29;22.9;4;\Fichiers\Rayon4\14.JPG;100;645;6.45;green;red;;;;;;
185;Jambon de Bayonne IGP REFLETS DE FRANCE;4.14;41.4;4;\Fichiers\Rayon4\15.JPG;100;645;6.45;green;red;;;;;;
186;Jambon cru fumé IGP CARREFOUR;2.15;21.5;4;\Fichiers\Rayon4\16.JPG;100;645;6.45;green;red;;;;;;
187;Jambon sec CARREFOUR BIO;5.11;63.88;4;\Fichiers\Rayon4\17.JPG;80;645;6.45;green;red;;;;;;
188;Bacon fumé CARREFOUR;1.74;17.4;4;\Fichiers\Rayon4\18.JPG;100;645;6.45;green;red;;;;;;
189;Bacon fumé au bois de hêtre CARREFOUR;1.92;16;4;\Fichiers\Rayon4\19.JPG;120;645;6.45;green;red;;;;;;
190;Bacon fumé HERTA;2.33;15.53;4;\Fichiers\Rayon4\20.JPG;150;645;6.45;green;red;;;;;;
191;Bacon fumé grandes tranches HERTA;1.84;18.4;4;\Fichiers\Rayon4\21.JPG;100;645;6.45;green;red;;;;;;
192;Bacon Bio ;3.9;26;4;\Fichiers\Rayon4\22.JPG;150;645;6.45;green;red;;;;;;
193;Rillettes poulet BORDEAU CHESNEL;2.4;10.91;4;\Fichiers\Rayon4\23.JPG;220;600;6;green;red;;;;;;
194;Rillettes du Mans REFLETS DE FRANCE;2.88;13.09;4;\Fichiers\Rayon4\24.JPG;220;600;6;green;red;;;;;;
195;Rillettes de poulet rôti BORDEAU CHESNEL;3.78;9.45;4;\Fichiers\Rayon4\25.JPG;400;600;6;green;red;;;;;;
196;Rillettes du Mans pur porc CARREFOUR;2.07;5.18;4;\Fichiers\Rayon4\26.JPG;400;600;6;green;red;;;;;;
197;Lardons fumés HERTA;2.49;16.60 ;4;\Fichiers\Rayon4\27.JPG;150;866;8.66;green;red;;;;;;
198;Lardons bio fumés CARREFOUR BIO;2.37;15.80 ;4;\Fichiers\Rayon4\28.JPG;150;866;8.66;green;red;;;;;;
199;Lardons fumés CARREFOUR CLASSIC';1.59;10.60 ;4;\Fichiers\Rayon4\29.JPG;150;866;8.66;green;red;;;;;;
200;Lardons nature CARREFOUR CLASSIC';1.69;11.27 ;4;\Fichiers\Rayon4\30.JPG;150;866;8.66;green;red;;;;;;
201;Lardons Nature Sans Nitrite Sans Gluten HERTA;2.1;14.00 ;4;\Fichiers\Rayon4\31.JPG;150;866;8.66;green;red;;;;;;
202;Lardons nature bio BONJOUR CAMPAGNE;3.99;19.95 ;4;\Fichiers\Rayon4\32.JPG;200;866;8.66;green;red;;;;;;
203;Bloc de foie gras de canard FEYEL;6.59;82.38;4;\Fichiers\Rayon4\33.JPG;80;359;3.59;green;orange;;;;;;
204;Bloc de foie gras de canard avec morceaux CARREFOUR;5.95;74.38;4;\Fichiers\Rayon4\34.JPG;80;359;3.59;green;orange;;;;;;
205;Bloc foie gras de canard LABEYRIE;7.99;79.9;4;\Fichiers\Rayon4\35.JPG;100;359;3.59;green;orange;;;;;;
206;Bloc de foie gras de canard avec morceaux CARREFOUR;9.95;49.75;4;\Fichiers\Rayon4\36.JPG;200;359;3.59;green;orange;;;;;;
207;Saucisson sec d’Auvergne REFLETS DE FRANCE;5.46;18.2;4;\Fichiers\Rayon4\37.JPG;300;713;7.13;green;red;;;;;;
208;Saucisson sec pur porc CARREFOUR;3.55;8.88;4;\Fichiers\Rayon4\38.JPG;400;713;7.13;green;red;;;;;;
209;Saucisson sec bio pur porc CARREFOUR BIO;4.5;22.5;4;\Fichiers\Rayon4\39.JPG;200;713;7.13;green;red;;;;;;
210;Chiffonnade chorizo AOSTE;2.89;32.11;4;\Fichiers\Rayon4\40.JPG;90;713;7.13;green;red;;;;;;
211;Chorizo doux CARREFOUR;1.75;17.2;4;\Fichiers\Rayon4\41.JPG;100;713;7.13;green;red;;;;;;
212;Chorizo bio;4;44.44;4;\Fichiers\Rayon4\42.JPG;90;713;7.13;green;red;;;;;;
213;Blanc de dinde doré au Four FLEURY MICHON;1.97;12.31 ;4;\Fichiers\Rayon4\43.JPG;160;590;5.9;green;red;;;;;;
214;Blanc de dinde doré au four CARREFOUR EXTRA;1.52;9.50 ;4;\Fichiers\Rayon4\44.JPG;160;590;5.9;green;red;;;;;;
215;Blanc de dinde nature sans nitrite HERTA;2.35;16.79 ;4;\Fichiers\Rayon4\45.JPG;140;590;5.9;green;red;;;;;;
216;Saucisson sec mini nature JUSTIN BRIDOU;1.94;24.25;4;\Fichiers\Rayon4\46.JPG;100;713;7.13;green;red;;;;;;
217;Saucisson sec nature JUSTIN BRIDOU;2.95;18.44;4;\Fichiers\Rayon4\47.JPG;160;713;7.13;green;red;;;;;;
218;Mini saucissons secs CARREFOUR SENSATION;1.08;14.4;4;\Fichiers\Rayon4\48.JPG;75;713;7.13;green;red;;;;;;
219;Mini saucissons secs CARREFOUR SENSATION;2.87;14.35;4;\Fichiers\Rayon4\49.JPG;200;713;7.13;green;red;;;;;;
220;Saucisson nature LE GALIBIER;3.89;32.42;4;\Fichiers\Rayon4\50.JPG;120;713;7.13;green;red;;;;;;
221;Olives vertes dénoyautées CARREFOUR;0.89;2.41;5;\Fichiers\Rayon5\1.JPG;160;46;0.46;green;green;;;;;;
222;Olives vertes dénoyautées TRAMIER;2.74;10.54;5;\Fichiers\Rayon5\2.JPG;260;46;0.46;green;green;;;;;;
223;Olives vertes dénoyautées Bio BIONATURAE;2.62;29.11;5;\Fichiers\Rayon5\3.JPG;185;46;0.46;green;green;;;;;;
224;Olives noires entières DE NUESTRA TIERRASTRA TIERRA;0.99;2.83;5;\Fichiers\Rayon5\4.JPG;200;46;0.46;green;green;;;;;;
225;Olives noires à la grecque dénoyautées TRAMIER;2.69;12.23;5;\Fichiers\Rayon5\5.JPG;220;46;0.46;green;green;;;;;;
226;Ratatouille cuisinée à la provençale CARREFOUR;2.35;4.43 ;5;\Fichiers\Rayon5\6.JPG;530;93.46;0.9346;green;green;;;;;;
227;Ratatouille recette niçoise REFLETS DE FRANCE;2.59;4.11 ;5;\Fichiers\Rayon5\7.JPG;630;93.46;0.9346;green;green;;;;;;
228;Ratatouille niçoise bio CARREFOUR BIO;2.65;4.21 ;5;\Fichiers\Rayon5\8.JPG;630;93.46;0.9346;green;green;;;;;;
229;Pistaches grillées salées CARREFOUR CLASSIC';4.45;14.83;5;\Fichiers\Rayon5\9.JPG;300;111;1.11;green;green;;;;;;
230;Pistaches apéro LE VIEUX BISTROT;7.35;40.83;5;\Fichiers\Rayon5\10.JPG;180;111;1.11;green;green;;;;;;
231;Pistaches grillées salées Classic CARREFOUR;3.71;14.84 ;5;\Fichiers\Rayon5\11.JPG;250;111;1.11;green;green;;;;;;
232;Pistaches grillées sans sel ajouté CARREFOUR ORIGINAL;2.42;16.13 ;5;\Fichiers\Rayon5\12.JPG;150;111;1.11;green;green;;;;;;
233;Noix de cajou grillées à sec BENENUTS;3.91;23.70 ;5;\Fichiers\Rayon5\13.JPG;165;200;2;green;orange;;;;;;
234;Noix de cajou grillées à sec BENENUTS;5.12;23.27 ;5;\Fichiers\Rayon5\14.JPG;220;200;2;green;orange;;;;;;
235;Noix de cajou grillées salées CARREFOUR;1.92;15.36  ;5;\Fichiers\Rayon5\15.JPG;125;200;2;green;orange;;;;;;
236;Noix de cajou grillées salées CARREFOUR;4.45;14.83 ;5;\Fichiers\Rayon5\16.JPG;300;200;2;green;orange;;;;;;
237;Noix de Cajou grillées/salées CARREFOUR;3.72;14.88 ;5;\Fichiers\Rayon5\17.JPG;250;200;2;green;orange;;;;;;
238;Noix de cajou grillées sans sel ajouté CARREFOUR;2.17;17.36 ;5;\Fichiers\Rayon5\18.JPG;125;200;2;green;orange;;;;;;
239;Noix de cajou Bio BENENUTS;3.6;40.91 ;5;\Fichiers\Rayon5\19.JPG;88;200;2;green;orange;;;;;;
240;Chips nature LAY'S;1.24;8.27 ;5;\Fichiers\Rayon5\20.JPG;150;264;2.64;green;orange;;;;;;
241;Chips nature LAY'S;2.25;6.43  ;5;\Fichiers\Rayon5\21.JPG;350;264;2.64;green;orange;;;;;;
242;Chips nature LAY'S;1.43;9.53 ;5;\Fichiers\Rayon5\22.JPG;150;264;2.64;green;orange;;;;;;
243;Chips Classic CARREFOUR;0.95;5.28 ;5;\Fichiers\Rayon5\23.JPG;160;264;2.64;green;orange;;;;;;
244;Chips nature CARREFOUR CLASSIC';0.89;4.45  ;5;\Fichiers\Rayon5\24.JPG;200;264;2.64;green;orange;;;;;;
245;Chips nature CARREFOUR;1.35;3.86 ;5;\Fichiers\Rayon5\25.JPG;350;264;2.64;green;orange;;;;;;
246;Chips Paysannes BRET'S;1.98;7.92 ;5;\Fichiers\Rayon5\26.JPG;250;264;2.64;green;orange;;;;;;
247;Chips paysannes nature BRET'S;3.15;7.88 ;5;\Fichiers\Rayon5\27.JPG;400;264;2.64;green;orange;;;;;;
248;Chips paysanne nature CARREFOUR ORIGINAL;1.29;4.78 ;5;\Fichiers\Rayon5\28.JPG;270;264;2.64;green;orange;;;;;;
249;Chips craquantes CARREFOUR;0.86;5.73 ;5;\Fichiers\Rayon5\29.JPG;150;264;2.64;green;orange;;;;;;
250;Chips paysannes nature LAY'S;2.12;6.06 ;5;\Fichiers\Rayon5\30.JPG;350;264;2.64;green;orange;;;;;;
251;Pâtes coquillettes PANZANI;0.76;1.52 ;5;\Fichiers\Rayon5\31.JPG;500;137;1.37;green;green;;;;;;
252;Pâtes coquillettes CARREFOUR;0.99;0.99  ;5;\Fichiers\Rayon5\32.JPG;1000;137;1.37;green;green;;;;;;
253;Pâtes coquillette blé complet FILIERE QUALITE CARREFOUR;1.09;2.18 ;5;\Fichiers\Rayon5\33.JPG;500;137;1.37;green;green;;;;;;
254;Pâtes coquillettes Bio CARREFOUR BIO;0.87;1.74 ;5;\Fichiers\Rayon5\34.JPG;500;137;1.37;green;green;;;;;;
255;Pâtes coquillettes BARILLA;1.40 ;1.40 ;5;\Fichiers\Rayon5\35.JPG;1000;137;1.37;green;green;;;;;;
256;Pâtes coquillettes Bio BARILLA;1.59;3.18 ;5;\Fichiers\Rayon5\36.JPG;500;137;1.37;green;green;;;;;;
257;Pâtes les 3 minutes coquillettes PANZANI;1.83 ;1.83 ;5;\Fichiers\Rayon5\37.JPG;1000;137;1.37;green;green;;;;;;
258;Pâtes coquillettes cuisson rapide CARREFOUR;0.55;1.10 ;5;\Fichiers\Rayon5\38.JPG;500;137;1.37;green;green;;;;;;
259;Pâtes Coquillettes sans gluten BARILLA;1.97;4.92 ;5;\Fichiers\Rayon5\39.JPG;400;137;1.37;green;green;;;;;;
260;Pâtes coquillettes al dente 3 min LUSTUCRU;1.22;2.44 ;5;\Fichiers\Rayon5\40.JPG;500;137;1.37;green;green;;;;;;
261;Pâtes d'alsace igp spaghetti CARREFOUR;0.99;3.96 ;5;\Fichiers\Rayon5\41.JPG;250;137;1.37;green;green;;;;;;
262;Pâtes spaghetti CARREFOUR;0.49;0.98 ;5;\Fichiers\Rayon5\42.JPG;500;137;1.37;green;green;;;;;;
263;Pâtes spaghetti CARREFOUR;0.95 ;0.95 ;5;\Fichiers\Rayon5\43.JPG;1000;137;1.37;green;green;;;;;;
264;Pâtes spaghetti n°5 BARILLA;0.78;1.56 ;5;\Fichiers\Rayon5\44.JPG;500;137;1.37;green;green;;;;;;
265;Pâtes Spaghetti n°5 BARILLA;1.39;1.39;5;\Fichiers\Rayon5\45.JPG;1000;137;1.37;green;green;;;;;;
266;Pâtes spaghetti PANZANI;0.96;1.92 ;5;\Fichiers\Rayon5\46.JPG;500;137;1.37;green;green;;;;;;
267;Pâtes spaghetti PANZANI;1.40 ;1.40 ;5;\Fichiers\Rayon5\47.JPG;1000;137;1.37;green;green;;;;;;
268;Pâtes integrale spaghetti blé complet n°5 BARILLA;1.16;2.32  ;5;\Fichiers\Rayon5\48.JPG;500;137;1.37;green;green;;;;;;
269;Pâtes spaghetti semi-complets Bio CARREFOUR BIO;0.89;1.78 ;5;\Fichiers\Rayon5\49.JPG;500;137;1.37;green;green;;;;;;
270;Riz basmati du Benjab 11mn TAUREAU AILE;3.8;3.8;5;\Fichiers\Rayon5\50.JPG;1000;135;1.35;green;green;;;;;;
271;Riz Basmati CARREFOUR;1.69;1.69;5;\Fichiers\Rayon5\51.JPG;1000;135;1.35;green;green;;;;;;
272;Riz basmati parfumé 11mn CARREFOUR;1.35;2.70 ;5;\Fichiers\Rayon5\52.JPG;500;135;1.35;green;green;;;;;;
273;Riz basmati sachets cuisson 10mn LUSTUCRU;2.94;3.27  ;5;\Fichiers\Rayon5\53.JPG;900;135;1.35;green;green;;;;;;
274;Riz bio basmati 11mn TAUREAU AILE;2.52;5.04 ;5;\Fichiers\Rayon5\54.JPG;500;135;1.35;green;green;;;;;;
275;Farine de blé T45 FRANCINE;0.77;1.54 ;5;\Fichiers\Rayon5\55.JPG;500;117;1.17;green;green;;;;;;
276;Farine de blé fluide T45 CARREFOUR;0.59;0.59;5;\Fichiers\Rayon5\56.JPG;1000;117;1.17;green;green;;;;;;
277;Farine de blé T55 Bio FRANCINE;2.16;2.16;5;\Fichiers\Rayon5\57.JPG;1000;117;1.17;green;green;;;;;;
278;Sauce tomate basilic BARILLA;1.23;3.08 ;5;\Fichiers\Rayon5\58.JPG;400;243;2.43;green;orange;;;;;;
279;Sauce tomate basilic PANZANI;0.85;4.05 ;5;\Fichiers\Rayon5\59.JPG;210;243;2.43;green;orange;;;;;;
280;Sauce tomate basilic CARREFOUR CLASSIC;0.99;2.36 ;5;\Fichiers\Rayon5\60.JPG;420;243;2.43;green;orange;;;;;;
281;Sauce Pesto PANZANI;1.57;7.85 ;5;\Fichiers\Rayon5\61.JPG;200;253;2.53;green;orange;;;;;;
282;Sauce Pesto Verde CARREFOUR;1.2;6.32 ;5;\Fichiers\Rayon5\62.JPG;190;253;2.53;green;orange;;;;;;
283;Thon entier Albacore au naturel CARREFOUR CLASSIC';1.61;11.50 ;5;\Fichiers\Rayon5\63.JPG;140;563;5.63;green;red;;;;;;
284;Thon naturel demarche responsable petit navire PETIT NAVIRE;1.93;13.79 ;5;\Fichiers\Rayon5\64.JPG;140;563;5.63;green;red;;;;;;
285;Petits pois CASSEGRAIN;1.05;7.50  ;5;\Fichiers\Rayon5\65.JPG;140;49;0.49;green;green;;;;;;
286;Petits pois extra-fins CARREFOUR CLASSIC;1.06;1.89 ;5;\Fichiers\Rayon5\66.JPG;560;49;0.49;green;green;;;;;;
287;Petits pois bio CARREFOUR BIO;2.69;6.40 ;5;\Fichiers\Rayon5\67.JPG;420;49;0.49;green;green;;;;;;
288;Haricots verts extra-fins CASSEGRAIN;1.19;10.82 ;5;\Fichiers\Rayon5\68.JPG;110;116;1.16;green;green;;;;;;
289;Haricots verts bio sans sel ajouté JARDIN BIO;3.76;10.90  ;5;\Fichiers\Rayon5\69.JPG;345;116;1.16;green;green;;;;;;
290;Haricots verts bio extra fins coupés CARREFOUR BIO;2.05;5.69 ;5;\Fichiers\Rayon5\70.JPG;360;116;1.16;green;green;;;;;;
291;Haricots verts très fins CARREFOUR CLASSIC';0.93;2.11 ;5;\Fichiers\Rayon5\71.JPG;440;116;1.16;green;green;;;;;;
292;Maïs BONDUELLE;2.09;4.98 ;5;\Fichiers\Rayon5\72.JPG;420;41;0.41;green;green;;;;;;
293;Maïs D'AUCY;2.09;4.98 ;5;\Fichiers\Rayon5\73.JPG;420;41;0.41;green;green;;;;;;
294;Maïs doux croquant CARREFOUR;1.49;1.74 ;5;\Fichiers\Rayon5\74.JPG;855;41;0.41;green;green;;;;;;
295;Maïs s/sucres ajoutés BONDUELLE;0.86;3.02 ;5;\Fichiers\Rayon5\75.JPG;285;41;0.41;green;green;;;;;;
296;Maïs sans sucres ajoutés CARREFOUR CLASSIC';0.5;1.75 ;5;\Fichiers\Rayon5\76.JPG;285;41;0.41;green;green;;;;;;
297;Ketchup HEINZ;1.84;3.23 ;5;\Fichiers\Rayon5\77.JPG;500;225;2.25;green;orange;;;;;;
298;Ketchup bio HEINZ;1.99;3.43 ;5;\Fichiers\Rayon5\78.JPG;500;225;2.25;green;orange;;;;;;
299;Ketchup Tomato AMORA;2;2.35 ;5;\Fichiers\Rayon5\79.JPG;850;225;2.25;green;orange;;;;;;
300;Ketchup CARREFOUR;1.55;1.55;5;\Fichiers\Rayon5\80.JPG;1000;225;2.25;green;orange;;;;;;
301;Madeleines ST MICHEL;2.22;4.44 ;6;\Fichiers\Rayon6\1.JPG;500;287;2.87;green;orange;;;;;;
302;Madeleines moelleuses CARREFOUR ORIGINAL;1.65;3.30  ;6;\Fichiers\Rayon6\2.JPG;500;287;2.87;green;orange;;;;;;
303;Quatre-quarts beurre frais BONNE MAMAN;3.18;6.36  ;6;\Fichiers\Rayon6\3.JPG;500;287;2.87;green;orange;;;;;;
304;Gâteau quatre-quarts pur beurre CARREFOUR ORIGINAL;2.19;4.38 ;6;\Fichiers\Rayon6\4.JPG;500;287;2.87;green;orange;;;;;;
305;Quatre-quarts bio pur beurre CARREFOUR BIO;1.82;9.10 ;6;\Fichiers\Rayon6\5.JPG;200;287;2.87;green;orange;;;;;;
306;Biscuits L'Original caramélisée PALMITO;1.49;7.45  ;6;\Fichiers\Rayon6\6.JPG;200;287;2.87;green;orange;;;;;;
307;Biscuits palmiers CARREFOUR;0.97;4.85 ;6;\Fichiers\Rayon6\7.JPG;200;287;2.87;green;orange;;;;;;
308;Biscuits petit déjeuner pépites de chocolat CARREFOUR;1.46;3.65 ;6;\Fichiers\Rayon6\8.JPG;400;287;2.87;green;orange;;;;;;
309;Biscuits petit déjeuner chocolat BELVITA;2.06;5.15 ;6;\Fichiers\Rayon6\9.JPG;400;287;2.87;green;orange;;;;;;
310;Cookies éclats chocolat GRANOLA;1.42;7.72 ;6;\Fichiers\Rayon6\10.JPG;184;287;2.87;green;orange;;;;;;
311;Cookies chocolat CARREFOUR;1.31;7.12 ;6;\Fichiers\Rayon6\11.JPG;184;287;2.87;green;orange;;;;;;
312;Crêpe chocolat WHAOU!;1.9;7.42  ;6;\Fichiers\Rayon6\12.JPG;256;287;2.87;green;orange;;;;;;
313;Crêpes chocolat et billes de céréales CARREFOUR CLASSIC';1.39;5.43  ;6;\Fichiers\Rayon6\13.JPG;256;287;2.87;green;orange;;;;;;
314;Bonbons oursons guimauve chocolat CARREFOUR;0.79;3.95 ;6;\Fichiers\Rayon6\14.JPG;200;563;5.63;green;red;;;;;;
315;Bonbons guimauves chocolat lait Koala LUTTI;1.19;6.43 ;6;\Fichiers\Rayon6\15.JPG;185;563;5.63;green;red;;;;;;
316;Bonbons the pik box mega HARIBO;4.45;6.10 ;6;\Fichiers\Rayon6\16.JPG;730;563;5.63;green;red;;;;;;
317;Bonbons Extr'Acid CARREFOUR;2.89;4.82 ;6;\Fichiers\Rayon6\17.JPG;600;563;5.63;green;red;;;;;;
318;Bonbons Mix Box CARREFOUR CLASSIC';2.83;5.39  ;6;\Fichiers\Rayon6\18.JPG;525;563;5.63;green;red;;;;;;
319;Bonbons tirlibibi HARIBO;4.45;4.45;6;\Fichiers\Rayon6\19.JPG;1000;563;5.63;green;red;;;;;;
320;Bonbons parfums assortis KREMA;3.07;5.20 ;6;\Fichiers\Rayon6\20.JPG;590;563;5.63;green;red;;;;;;
321;Bonbons goût fruits CARREFOUR;2.05;4.10 ;6;\Fichiers\Rayon6\21.JPG;500;563;5.63;green;red;;;;;;
322;Bonbon surffizz fruits Bio LUTTI;1.9;19.00 ;6;\Fichiers\Rayon6\22.JPG;100;563;5.63;green;red;;;;;;
323;Bonbons Shiny'Acid CARREFOUR;0.92;3.68 ;6;\Fichiers\Rayon6\23.JPG;250;563;5.63;green;red;;;;;;
324;Bonbons BALL chocolat lait cœur céréales KITKAT;4.73;11.82  ;6;\Fichiers\Rayon6\24.JPG;400;563;5.63;green;red;;;;;;
325;Bonbons Pop N'Croc croustillants CARREFOUR;1.85;10.57 ;6;\Fichiers\Rayon6\25.JPG;175;563;5.63;green;red;;;;;;
326;Bonbons chocolat SCHAR;3.48;27.84 ;6;\Fichiers\Rayon6\26.JPG;125;563;5.63;green;red;;;;;;
327;Barres chocolatées KITKAT;3.02;7.28 ;6;\Fichiers\Rayon6\27.JPG;415;563;5.63;green;red;;;;;;
328;Barres chocolatées noisettes MILKA;1.99;12.63 ;6;\Fichiers\Rayon6\28.JPG;157.5;563;5.63;green;red;;;;;;
329;Bonbons cacahuètes enrobées chocolat au lait CARREFOUR;1.5;6.00 ;6;\Fichiers\Rayon6\29.JPG;250;563;5.63;green;red;;;;;;
330;Bonbons chocolat au lait et cacahuètes PEANUT M&M'S;2.45;7.42 ;6;\Fichiers\Rayon6\30.JPG;330;563;5.63;green;red;;;;;;
331;Café moulu doux bio ALTER ECOCO;2.92;11.68  ;6;\Fichiers\Rayon6\31.JPG;250;37;0.37;green;green;;;;;;
332;Café moulu Le Grand Classique CARREFOUR;0.94;3.76 ;6;\Fichiers\Rayon6\32.JPG;250;37;0.37;green;green;;;;;;
333;Café moulu CARTE NOIRE;5.92;11.84 ;6;\Fichiers\Rayon6\33.JPG;500;37;0.37;green;green;;;;;;
334;Café dosettes Compatibles SENSEO Classique n°5 CARTE NOIRE;3.62;14.48 ;6;\Fichiers\Rayon6\34.JPG;250;37;0.37;green;green;;;;;;
335;Café dosettes Compatibles SENSEO classique CARREFOUR;2.25;8.93 ;6;\Fichiers\Rayon6\35.JPG;252;37;0.37;green;green;;;;;;
336;Café capsules Compatibles Nespresso Lungo 100% arabica CRF EXTRA;5.2;23.21 ;6;\Fichiers\Rayon6\36.JPG;210;37;0.37;green;green;;;;;;
337;Café capsules Compatibles Nespresso Lungo n°8 CARTE NOIRE;2.62;46.79 ;6;\Fichiers\Rayon6\37.JPG;56;37;0.37;green;green;;;;;;
338;Café dosettes CompatiblesTASSIMO Long Classic  L'OR TASSIMO;5.35;34.29 ;6;\Fichiers\Rayon6\38.JPG;199.2;37;0.37;green;green;;;;;;
339;Café dosettes CompatiblesTASSIMO Long Classique  L'OR TASSIMO;3.57;34.33 ;6;\Fichiers\Rayon6\39.JPG;132.8;37;0.37;green;green;;;;;;
340;Thé vert menthe CARREFOUR;0.79;19.75 ;6;\Fichiers\Rayon6\40.JPG;40;6;0.06;green;green;;;;;;
341;Thé bio vert menthe douce CARREFOUR BIO;1.48;46.25 ;6;\Fichiers\Rayon6\41.JPG;32;6;0.06;green;green;;;;;;
342;Thé vert menthe intense LIPTONN;1.43;44.69 ;6;\Fichiers\Rayon6\42.JPG;32;6;0.06;green;green;;;;;;
343;Thé vert menthe Bio JARDIN BIOO;2.36;78.67  ;6;\Fichiers\Rayon6\43.JPG;30;6;0.06;green;green;;;;;;
344;Thé vert menthe TWININGS;2.43;63.95 ;6;\Fichiers\Rayon6\44.JPG;37.5;6;0.06;green;green;;;;;;
345;Thé noir fruits rouges CARREFOUR;1.39;32.33 ;6;\Fichiers\Rayon6\45.JPG;42.5;6;0.06;green;green;;;;;;
346;Thé noir 5 fruits rouges LIPTONN;1.35;39.71 ;6;\Fichiers\Rayon6\46.JPG;34;6;0.06;green;green;;;;;;
347;Thé English Breakfast CARREFOUR;0.8;16.00  ;6;\Fichiers\Rayon6\47.JPG;50;6;0.06;green;green;;;;;;
348;Thé Earl Grey TWININGS;1.94;38.80 ;6;\Fichiers\Rayon6\48.JPG;50;6;0.06;green;green;;;;;;
349;Thé Earl Grey TWININGS;7.15;35.75 ;6;\Fichiers\Rayon6\49.JPG;200;6;0.06;green;green;;;;;;
350;Compote pomme La Fameuse;3.2;4.57 ;6;\Fichiers\Rayon6\50.JPG;700;109;1.09;green;green;;;;;;
351;Compote pommes sans sucres ajoutés CARREFOUR;0.99;1.39 ;6;\Fichiers\Rayon6\51.JPG;710;109;1.09;green;green;;;;;;
352;Sucre en poudre BEGHIN SAY;0.99;0.99;6;\Fichiers\Rayon6\52.JPG;1000;96;0.96;green;green;;;;;;
353;Sucre en poudre SAINT LOUIS;1.06;1.06;6;\Fichiers\Rayon6\53.JPG;1000;96;0.96;green;green;;;;;;
354;Sucre demi-morceaux DADDY;1.13;1.51 ;6;\Fichiers\Rayon6\54.JPG;750;96;0.96;green;green;;;;;;
355;Sucre bio pure canne DADDYY;2.69;3.59 ;6;\Fichiers\Rayon6\55.JPG;750;68;0.68;green;green;;;;;;
356;Sucre bio blond de Canne en morceaux CARREFOUR BIO;2.52;5.04 ;6;\Fichiers\Rayon6\56.JPG;500;68;0.68;green;green;;;;;;
357;Sucre pure canne/petits morceaux LA PERRUCHE;1.97;1.97;6;\Fichiers\Rayon6\57.JPG;1000;68;0.68;green;green;;;;;;
358;Cassonade pure canne LA PERRUCHE;1.82;2.43 ;6;\Fichiers\Rayon6\58.JPG;750;68;0.68;green;green;;;;;;
359;Chocolat au lait noisettes entières CARREFOUR;1.43;7.15 ;6;\Fichiers\Rayon6\59.JPG;200;563;5.63;green;red;;;;;;
360;Chocolat au lait noisettes entières CARREFOUR BIO;2.72;13.60 ;6;\Fichiers\Rayon6\60.JPG;200;563;5.63;green;red;;;;;;
361;Chocolat au lait éclats noisettes COTE D'OR;5.01;12.52 ;6;\Fichiers\Rayon6\61.JPG;400;563;5.63;green;red;;;;;;
362;Chocolat Lait Extra Fin MAÎTRE CHOCOLATIER LINDT;2.95;8.94 ;6;\Fichiers\Rayon6\62.JPG;300;5"
3;5.63;green;red;;;;;;
363;Chocolat au lait Alpin CARREFOUR;1.5;5.00 ;6;\Fichiers\Rayon6\63.JPG;300;563;5.63;green;red;;;;;;
364;Chocolat dessert noir CARREFOUR ORIGINAL;1.69;4.22 ;6;\Fichiers\Rayon6\64.JPG;400;563;5.63;green;red;;;;;;
365;Chocolat noir DESSERT NESTLETLE;3.75;9.15 ;6;\Fichiers\Rayon6\65.JPG;410;563;5.63;green;red;;;;;;
366;Chocolat bio dessert CARREFOUR BIO;1.56;7.80 ;6;\Fichiers\Rayon6\66.JPG;200;563;5.63;green;red;;;;;;
367;Chocolat en poudre  BENCO;3.25;4.06 ;6;\Fichiers\Rayon6\67.JPG;800;134;1.34;green;green;;;;;;
368;Chocolat en poudre CARREFOUR;2.7;3.38 ;6;\Fichiers\Rayon6\68.JPG;800;134;1.34;green;green;;;;;;
369;Chocolat en poudre  NESQUIKIK;2.87;8.20 ;6;\Fichiers\Rayon6\69.JPG;350;134;1.34;green;green;;;;;;
370;Poudre Bio all natural NESQUIK;3.6;10.29 ;6;\Fichiers\Rayon6\70.JPG;350;134;1.34;green;green;;;;;;
371;Chocolat poudre Kaomix CARREFOUR KIDS;1.61;3.58 ;6;\Fichiers\Rayon6\71.JPG;450;134;1.34;green;green;;;;;;
372;Cacao en poudre maigre CARREFOUR BIO;2.99;5.98 ;6;\Fichiers\Rayon6\72.JPG;500;134;1.34;green;green;;;;;;
373;Pâte à tartiner chocolat noisette JARDIN BIO'LOGIQUE;6.7;8.93 ;6;\Fichiers\Rayon6\73.JPG;750;563;5.63;green;red;;;;;;
374;Pâte à tartiner  CARREFOUR CLASSIC;2.5;3.33 ;6;\Fichiers\Rayon6\74.JPG;750;563;5.63;green;red;;;;;;
375;Pâte à tartiner NUTELLA;4.59;5.56 ;6;\Fichiers\Rayon6\75.JPG;825;563;5.63;green;red;;;;;;
376;Pâte à tartiner 16% de noisettes CARREFOUR BIO;4.55;6.50 ;6;\Fichiers\Rayon6\76.JPG;700;563;5.63;green;red;;;;;;
377;Miel de fleurs CARREFOUR CLASSIC';3.05;6.10 ;6;\Fichiers\Rayon6\77.JPG;500;103;1.03;green;green;;;;;;
378;Miel de fleurs LUNE DE MIEL;3.35;6.70 ;6;\Fichiers\Rayon6\78.JPG;500;103;1.03;green;green;;;;;;
379;Miel de fleurs CARREFOUR CLASSIC';3.33;6.66 ;6;\Fichiers\Rayon6\79.JPG;500;103;1.03;green;green;;;;;;
380;Miel bio de fleurs liquide CARREFOUR BIO;5.25;10.50 ;6;\Fichiers\Rayon6\80.JPG;500;103;1.03;green;green;;;;;;
381;Frites tradition pour friteuse MCCAIN;2.06;1.98;7;\Fichiers\Rayon7\1.JPG;1040;190;1.9;green;orange;;;;;;
382;Frites CARREFOUR CLASSIC';1.1;1.1;7;\Fichiers\Rayon7\2.JPG;1000;190;1.9;green;orange;;;;;;
383;Frites bio four ou friteuse CARREFOUR BIO;2.63;4.38;7;\Fichiers\Rayon7\3.JPG;600;190;1.9;green;orange;;;;;;
384;Frites croustillantes micro-ondes MCCAIN;1;11.11;7;\Fichiers\Rayon7\4.JPG;90;190;1.9;green;orange;;;;;;
385;Frites express 3 min CARREFOUR CLASSIC';0.84;6.46;7;\Fichiers\Rayon7\5.JPG;130;190;1.9;green;orange;;;;;;
386;Frites allumettes Just au Four MCCAIN;4.14;2.55;7;\Fichiers\Rayon7\6.JPG;1625;190;1.9;green;orange;;;;;;
387;Frites allumettes spécial four CARREFOUR CLASSIC';2.1;1.4;7;\Fichiers\Rayon7\7.JPG;1500;190;1.9;green;orange;;;;;;
388;Pommes Duchesse MCCAIN;2.35;3.13;7;\Fichiers\Rayon7\8.JPG;750;190;1.9;green;orange;;;;;;
389;Pommes duchesses  CARREFOURFOUR;0.99;1.65;7;\Fichiers\Rayon7\9.JPG;600;190;1.9;green;orange;;;;;;
390;Pommes Dauphine MCCAIN;2.34;3.9;7;\Fichiers\Rayon7\10.JPG;600;190;1.9;green;orange;;;;;;
391;Pommes Dauphine  CARREFOUR EXTRAFOUR EXTRA;1.44;2.88;7;\Fichiers\Rayon7\11.JPG;500;190;1.9;green;orange;;;;;;
392;Poisson pané bâtonnets colin alaska 100% filet msc Findus;3.57;7.97;7;\Fichiers\Rayon7\12.JPG;448;430;4.3;green;orange;;;;;;
393;Bâtonnets panés colin d'Alaska MSC CARREFOUR;1.89;4.20 ;7;\Fichiers\Rayon7\13.JPG;450;430;4.3;green;orange;;;;;;
394;Poisson pané s/gluten SCHAR;5.85;19.50 ;7;\Fichiers\Rayon7\14.JPG;300;430;4.3;green;orange;;;;;;
395;Filet de colin d'Alaska MSC FINDUS;7.6;12.67;7;\Fichiers\Rayon7\15.JPG;600;606;6.06;green;red;;;;;;
396;Filet de cabillaud MSC FINDUS;12.9;21.5;7;\Fichiers\Rayon7\16.JPG;600;571;5.71;green;red;;;;;;
397;Poisson pané tranches de cabillaud MSC FINDUS;7.15;14.02 ;7;\Fichiers\Rayon7\17.JPG;510;430;4.3;green;orange;;;;;;
398;Pizza Quattro Formaggi RISTORANTE;2.02;5.94;7;\Fichiers\Rayon7\18.JPG;340;512;5.12;green;red;;;;;;
399;Pizza 4 Formaggi CARREFOUR;1.94;5.54;7;\Fichiers\Rayon7\19.JPG;350;512;5.12;green;red;;;;;;
400;Pizza 4 fromages CARREFOUR BIO;2.8;8;7;\Fichiers\Rayon7\20.JPG;350;512;5.12;green;red;;;;;;
401;Mini pizzas tomate mozzarella CARREFOUR ;1.99;7.37;7;\Fichiers\Rayon7\21.JPG;270;512;5.12;green;red;;;;;;
402;Mini pizzas tomate mozzarella PICCOLINIS;2.59;9.59;7;\Fichiers\Rayon7\22.JPG;270;512;5.12;green;red;;;;;;
403;Haricots verts extra-fins précuits vapeurs CARREFOUR;1.41;1.88;7;\Fichiers\Rayon7\23.JPG;750;116;1.16;green;green;;;;;;
404;Haricot vert Bio BONDUELLE;2.4;4.8;7;\Fichiers\Rayon7\24.JPG;500;116;1.16;green;green;;;;;;
405;Haricot vert extra fin BONDUELLE;2.95;3.93;7;\Fichiers\Rayon7\25.JPG;750;116;1.16;green;green;;;;;;
406;Crêpes jambon fromage MARIE;4.2;4.2;7;\Fichiers\Rayon7\26.JPG;1000;512;5.12;green;red;;;;;;
407;Crêpes emmental CARREFOUR;3.14;3.14;7;\Fichiers\Rayon7\27.JPG;1000;512;5.12;green;red;;;;;;
408;Glace vanille CARTE D'OR;2.6;5.51;7;\Fichiers\Rayon7\28.JPG;472;151;1.51;green;orange;;;;;;
409;Glace vanille CARREFOUR;1.87;3.7;7;\Fichiers\Rayon7\29.JPG;500;151;1.51;green;orange;;;;;;
410;Glace bio vanille de Madagascar CARREFOUR BIO;3.18;6.75;7;\Fichiers\Rayon7\30.JPG;471;151;1.51;green;orange;;;;;;
411;Glace amande sans gluten MAGNUM;4.48;6.83;7;\Fichiers\Rayon7\31.JPG;656;151;1.51;green;orange;;;;;;
412;Glaces chocolat au lait amandes CARREFOUR EXTRA;1.99;6.34;7;\Fichiers\Rayon7\32.JPG;314;151;1.51;green;orange;;;;;;
413;Glace vanille macadamia CARREFOUR SENSATION;2.99;10.14;7;\Fichiers\Rayon7\33.JPG;295;151;1.51;green;orange;;;;;;
414;Glace vanille noix de macadamia HAAGEN-DAZS;4.5;11.25;7;\Fichiers\Rayon7\34.JPG;400;151;1.51;green;orange;;;;;;
415;Glaces fraise vanille fruits rouges EXTREME;2.99;7.02;7;\Fichiers\Rayon7\35.JPG;426;151;1.51;green;orange;;;;;;
416;Glace vanille fraise CARREFOUR;1.98;4.9;7;\Fichiers\Rayon7\36.JPG;404;151;1.51;green;orange;;;;;;
417;Glaces sorbet mangue CARREFOUR BIO;2.29;9.54;7;\Fichiers\Rayon7\37.JPG;240;151;1.51;green;orange;;;;;;
418;Glace sorbet Tropical OASIS;2.35;5.88;7;\Fichiers\Rayon7\38.JPG;400;151;1.51;green;orange;;;;;;
419;Glaces à l'eau bio assortiment Best Of YETI;3.72;8.86;7;\Fichiers\Rayon7\39.JPG;400;151;1.51;green;orange;;;;;;
420;Glaces bio assortiment CARREFOUR BIO;2.39;6.83;7;\Fichiers\Rayon7\40.JPG;350;151;1.51;green;orange;;;;;;
421;Glaces chocolat pistache EXTREME;3.05;7.16;7;\Fichiers\Rayon7\41.JPG;426;151;1.51;green;orange;;;;;;
422;Glaces chocolat pistache CARREFOUR;1.99;4.84;7;\Fichiers\Rayon7\42.JPG;411.4;151;1.51;green;orange;;;;;;
423;Lasagnes chèvres épinards MARIE;4.95;5.82;7;\Fichiers\Rayon7\43.JPG;850;141;1.41;green;orange;;;;;;
424;Plat cuisiné lasagnes chèvre épinards CARREFOUR CLASSIC';3.44;5.73;7;\Fichiers\Rayon7\44.JPG;600;141;1.41;green;orange;;;;;;
425;Plat cuisiné hachis parmentier CARREFOUR CLASSIC';2.34;3.9;7;\Fichiers\Rayon7\45.JPG;600;1559;15.59;green;red;;;;;;
426;Plat cuisiné Hachis Parmentier MARIE;2.52;8.4;7;\Fichiers\Rayon7\46.JPG;300;1559;15.59;green;red;;;;;;
427;Plat cuisiné Paëlla Royale MARIE;3.95;4.39;7;\Fichiers\Rayon7\47.JPG;900;1559;15.59;green;red;;;;;;
428;Plat cuisiné paella Valenciana  CARREFOUR;3.58;3.58;7;\Fichiers\Rayon7\48.JPG;1000;1559;15.59;green;red;;;;;;
429;Légumes cuisinés La Paysanne BONDUELLE;3.19;4.25 ;7;\Fichiers\Rayon7\49.JPG;750;106;1.06;green;green;;;;;;
430;Légumes cuisinés bio poêlée de 6 légumes CARREFOUR BIO;2.45;4.08 ;7;\Fichiers\Rayon7\50.JPG;600;106;1.06;green;green;;;;;;
431;Boisson thé pêche Ice Tea LIPTON;1.29;0.86;8;\Fichiers\Rayon8\1.JPG;1500;110;1.1;green;green;;;;;;
432;Boisson au thé glacé pêche intense FUZE TEA;1.77;1.42;8;\Fichiers\Rayon8\2.JPG;1250;110;1.1;green;green;;;;;;
433;Boisson au thé glacé pêche zéro Ice Tea LIPTON;1.42;0.95 ;8;\Fichiers\Rayon8\3.JPG;1500;110;1.1;green;green;;;;;;
434;Boisson Iced Tea saveur pêche CARREFOUR;1.3;0.65;8;\Fichiers\Rayon8\4.JPG;2000;110;1.1;green;green;;;;;;
435;Soda COCA-COLA;1.82;1.04;8;\Fichiers\Rayon8\5.JPG;1750;110;1.1;green;green;;;;;;
436;Soda cola classic CARREFOUR;0.89;0.44;8;\Fichiers\Rayon8\6.JPG;2000;110;1.1;green;green;;;;;;
437;Soda au cola BREIZH COLA;1.45;0.97 ;8;\Fichiers\Rayon8\7.JPG;1500;110;1.1;green;green;;;;;;
438;Soda COCA-COLA;5.95;1.5;8;\Fichiers\Rayon8\8.JPG;3960;110;1.1;green;green;;;;;;
439;Soda au cola Cassic CARREFOUR;1.87;0.94;8;\Fichiers\Rayon8\9.JPG;1980;110;1.1;green;green;;;;;;
440;Soda zero sucre COCA-COLA;1.29;1.03;8;\Fichiers\Rayon8\10.JPG;1250;110;1.1;green;green;;;;;;
441;Soda cola zéro BREIZH COLA;1.32;0.88;8;\Fichiers\Rayon8\11.JPG;1500;110;1.1;green;green;;;;;;
442;Soda zero sucres COCA-COLALA;7.74;1.03;8;\Fichiers\Rayon8\12.JPG;7500;110;1.1;green;green;;;;;;
443;Sirop de grenadine CARREFOUR;2.55;1.7;8;\Fichiers\Rayon8\13.JPG;1500;110;1.1;green;green;;;;;;
444;Sirop de grenadine BIO LA MAISON GUIOT;2.99;5.98;8;\Fichiers\Rayon8\14.JPG;500;110;1.1;green;green;;;;;;
445;Sirop grenadine TEISSEIRE;3.6;2.77;8;\Fichiers\Rayon8\15.JPG;1300;110;1.1;green;green;;;;;;
446;Sirop citron TEISSEIRE;1.99;3.32;8;\Fichiers\Rayon8\16.JPG;600;110;1.1;green;green;;;;;;
447;Spécialité à diluer au citron CARREFOUR;1.68;2.4;8;\Fichiers\Rayon8\17.JPG;700;110;1.1;green;green;;;;;;
448;Sirop bio de citron CARREFOUR BIO;2.03;4.06;8;\Fichiers\Rayon8\18.JPG;500;110;1.1;green;green;;;;;;
449;Limonade bio arôme naturel citron CARREFOUR BIO;0.9;0.9;8;\Fichiers\Rayon8\19.JPG;1000;110;1.1;green;green;;;;;;
450;Limonade Bio LORINA;1.74;1.16;8;\Fichiers\Rayon8\20.JPG;1500;110;1.1;green;green;;;;;;
451;Limonade nature LA MORTUACIENNE;1.75;1.75;8;\Fichiers\Rayon8\21.JPG;1000;110;1.1;green;green;;;;;;
452;Soda orange FANTA;1.16;1.16;8;\Fichiers\Rayon8\22.JPG;1000;110;1.1;green;green;;;;;;
453;Soda saveur orange CARREFOUR CLASSIC';0.8;0.53 ;8;\Fichiers\Rayon8\23.JPG;1500;110;1.1;green;green;;;;;;
454;Soda orange FANTA;2.59;1.31;8;\Fichiers\Rayon8\24.JPG;1980;110;1.1;green;green;;;;;;
455;Boisson saveur orange CARREFOUR CLASSIC;2.35;1.19;8;\Fichiers\Rayon8\25.JPG;1980;110;1.1;green;green;;;;;;
456;Boisson aux fruits fraise framboise OASIS;1.99;1;8;\Fichiers\Rayon8\26.JPG;2000;110;1.1;green;green;;;;;;
457;Boisson saveur fraise banane CARREFOUR CLASSIC';1.66;0.83;8;\Fichiers\Rayon8\27.JPG;2000;110;1.1;green;green;;;;;;
458;Boisson aux fruits tropical CAPRI-SUN;2.99;1.5;8;\Fichiers\Rayon8\28.JPG;2000;110;1.1;green;green;;;;;;
459;Boisson Tropical CARREFOUR CLASSIC';2.2;1.1;8;\Fichiers\Rayon8\29.JPG;2000;110;1.1;green;green;;;;;;
460;Eau minérale naturelle EVIAN;3.18;0.35;8;\Fichiers\Rayon8\30.JPG;9000;40;0.4;green;green;;;;;;
461;Eau minérale naturelle des Alpes CARREFOUR CLASSIC';1.98;0.22;8;\Fichiers\Rayon8\31.JPG;9000;40;0.4;green;green;;;;;;
462;Eau minérale EVIAN;1.99;0.66;8;\Fichiers\Rayon8\32.JPG;3000;40;0.4;green;green;;;;;;
463;Eau minérale naturelle des Alpes CARREFOUR CLASSIC';1.45;0.48;8;\Fichiers\Rayon8\33.JPG;3000;40;0.4;green;green;;;;;;
464;Eau minérale naturelle VOLVIC;2.4;0.3;8;\Fichiers\Rayon8\34.JPG;8000;40;0.4;green;green;;;;;;
465;Eau de source d'Auvergne CARREFOUR CLASSIC';0.82;0.16;8;\Fichiers\Rayon8\35.JPG;5000;40;0.4;green;green;;;;;;
466;Eau aromatisée Citronnade CRISTALINE;0.99;0.66;8;\Fichiers\Rayon8\36.JPG;1500;110;1.1;green;green;;;;;;
467;Eau naturel aromatisé au citron CARREFOUR CLASSIC';0.75;0.5;8;\Fichiers\Rayon8\37.JPG;1500;110;1.1;green;green;;;;;;
468;Eau à l'arôme naturel de citron CARREFOUR CLASSIC';2.4;0.8;8;\Fichiers\Rayon8\38.JPG;3000;110;1.1;green;green;;;;;;
469;Eau gazeuse PERRIER;3.32;0.55;8;\Fichiers\Rayon8\39.JPG;6000;110;1.1;green;green;;;;;;
470;Eau minérale naturelle pétillante CARREFOUR CLASSIC';2.16;0.36;8;\Fichiers\Rayon8\40.JPG;6000;110;1.1;green;green;;;;;;
471;Eau gazeuse minérale naturelle Fines Bulles PERRIER;3.54;0.59;8;\Fichiers\Rayon8\41.JPG;6000;110;1.1;green;green;;;;;;
472;Eau finement pétillante CARREFOUR CLASSIC';2.1;0.35;8;\Fichiers\Rayon8\42.JPG;6000;110;1.1;green;green;;;;;;
473;Jus d'orange 100% pur jus avec pulpe INNOCENT;2.99;1.99;8;\Fichiers\Rayon8\43.JPG;1500;190;1.9;green;orange;;;;;;
474;Jus d'orange 100% pur jus sans pulpe CARREFOUR;2.58;1.75;8;\Fichiers\Rayon8\44.JPG;1500;190;1.9;green;orange;;;;;;
475;Nectar orange sans pulpe sans sucres ajoutés Bio JOKER;2.15;2.15;8;\Fichiers\Rayon8\45.JPG;1000;190;1.9;green;orange;;;;;;
476;Jus d'orange bio sans pulpe CARREFOUR BIO;1.89;1.89;8;\Fichiers\Rayon8\46.JPG;1000;190;1.9;green;orange;;;;;;
477;Jus d'orange sans pulpe CARREFOUR;5.43;1.36;8;\Fichiers\Rayon8\47.JPG;4000;190;1.9;green;orange;;;;;;
478;Jus d'orange CARREFOUR;1.44;1.2;8;\Fichiers\Rayon8\48.JPG;1200;190;1.9;green;orange;;;;;;
479;Jus orange Bio PLEIN FRUIT;3.6;3;8;\Fichiers\Rayon8\49.JPG;1200;190;1.9;green;orange;;;;;;
480;Jus de fruits bio multifruits CARREFOUR BIO;2.72;2.27;8;\Fichiers\Rayon8\50.JPG;1200;190;1.9;green;orange;;;;;;
